<record><leader>00000cas a2200000 a 4500</leader><controlfield tag="001">13172254</controlfield><controlfield tag="008">860219d18921927couwr ne      0    0eng d</controlfield><datafield ind1=" " ind2=" " tag="010"><subfield code="a">sn 86063138 </subfield></datafield><datafield ind1=" " ind2=" " tag="040"><subfield code="a">KSH</subfield><subfield code="b">eng</subfield><subfield code="c">KSH</subfield><subfield code="d">NPT</subfield><subfield code="d">CNQ</subfield><subfield code="d">OCL</subfield><subfield code="d">OCLCQ</subfield></datafield><datafield ind1=" " ind2=" " tag="042"><subfield code="a">msc</subfield></datafield><datafield ind1="0" ind2="4" tag="245"><subfield code="a">The Antonito ledger.</subfield></datafield><datafield ind1=" " ind2=" " tag="260"><subfield code="a">Antonito, Conejos County, Colo. :</subfield><subfield code="b">J.D. Frazey</subfield></datafield><datafield ind1=" " ind2=" " tag="300"><subfield code="a">v. :</subfield><subfield code="b">ill. ;</subfield><subfield code="c">55 cm.</subfield></datafield><datafield ind1=" " ind2=" " tag="310"><subfield code="a">Weekly</subfield></datafield><datafield ind1="0" ind2=" " tag="362"><subfield code="a">Vol. 1, no. 1 (June 11, 1892)-v. 36, no. 29 (Dec. 22, 1927).</subfield></datafield><datafield ind1=" " ind2=" " tag="530"><subfield code="a">Available on microfilm from the Colorado Historical Society.</subfield></datafield><datafield ind1=" " ind2=" " tag="752"><subfield code="a">United States</subfield><subfield code="b">Colorado</subfield><subfield code="c">Conejos</subfield><subfield code="d">Antonito.</subfield></datafield><datafield ind1="0" ind2="7" tag="785"><subfield code="t">Conejos County news</subfield></datafield><datafield ind1="0" ind2="7" tag="785"><subfield code="t">Ledger-news</subfield><subfield code="w">(DLC)sn 90051014</subfield></datafield><datafield ind1="1" ind2=" " tag="029"><subfield code="a">AU@</subfield><subfield code="b">000022167248</subfield></datafield></record>